@manual{labhefte,
  author       = {Kjetil Svarstad and Yahya H. Yassin and Ingulf Helland and Henrik Solvang and Morten Rostad and Sveinung Haugane},
  title        = {TFE4101Krets- og digitalteknikkLaboratoriehefteVÃ¥r 2019},
  organization = {NTNU},
  year         = 2019
}

@manual{ECandDD,
  author       = {K Svarstad and P G Kjeldsberg and P Svenson and R Hergum},
  title        = {Electric circuits and digital design},
  organization = {Pearson Education Limited},
  year         = 2015
}
